%% This BibTeX bibliography file was created using BibDesk.
%% http://bibdesk.sourceforge.net/

@ARTICLE{TsiVR97,
  title     = "An analysis of temporal-difference learning with function
               approximation",
  author    = "Tsitsiklis, J N and Van Roy, B",
  journal   = "IEEE Transactions on Automatic Control",
  publisher = "IEEE",
  volume    =  42,
  number    =  5,
  pages     = "674--690",
  month     =  may,
  year      =  1997,
}

@BOOK{EvansRos2010,
  title    = "Probability and statistics: The science of uncertainty",
  author   = "Evans, Michael J and Rosenthal, Jeffrey S",
  year     =  2010,
  url      = "https://www.utstat.toronto.edu/mikevans/jeffrosenthal/book.pdf",
  publisher = {W H Freeman \& Co},
}
